@article{dassios2013exact,
  title={Exact simulation of Hawkes process with exponentially decaying intensity},
  author={Dassios, Angelos and Zhao, Hongbiao},
  year={2013}
}
@article{kanazawa2021ubiquitous,
  title={Ubiquitous power law scaling in nonlinear self-excited Hawkes processes},
  author={Kanazawa, Kiyoshi and Sornette, Didier},
  journal={Physical review letters},
  volume={127},
  number={18},
  pages={188301},
  year={2021},
  publisher={APS}
}
@article{notarmuzi2021percolation,
  title={Percolation theory of self-exciting temporal processes},
  author={Notarmuzi, Daniele and Castellano, Claudio and Flammini, Alessandro and Mazzilli, Dario and Radicchi, Filippo},
  journal={Physical Review E},
  volume={103},
  number={2},
  pages={L020302},
  year={2021},
  publisher={APS}
}
@article{kalle2018growing,
  title={Growing critical: self-organized criticality in a developing neural system},
  author={Kalle Kossio, Felipe Yaroslav and Goedeke, Sven and van den Akker, Benjamin and Ibarz, Borja and Memmesheimer, Raoul-Martin},
  journal={Physical review letters},
  volume={121},
  number={5},
  pages={058301},
  year={2018},
  publisher={APS}
}
@book{laub2021elements,
  title={The elements of Hawkes processes},
  author={Laub, Patrick J and Lee, Young and Taimre, Thomas},
  year={2021},
  publisher={Springer}
}
@book{gardiner1985handbook,
  title={Handbook of stochastic methods},
  author={Gardiner, Crispin W and others},
  volume={3},
  year={1985},
  publisher={springer Berlin}
}